%%%
% START bibliography for StoryTime interim report
%%%

@misc{dramaresource,
    author = {David Farmer},
    title = {One Word At A Time},
    howpublished = {Online},
    note = {Retrieved November 8, 2016 from \url{http://dramaresource.com/drama-games/storytelling/one-word-at-a-time/}}
}

@misc{izzyg,
    author = {Izzy Gessell},
    title = {Playing Along: 37 Group Learning Activites Borrowed From Improvisational Theater"},
    howpublished = {Online},
    note = {Retrieved November 8, 2015 from \url{http://www.izzyg.com/images/file/playingalong-oneword.pdf}}
}

@misc{learnimprov,
    author = {Handle},
    title = {One Word At A Time},
    howpublished = {Online},
    year = 2010,
    month = {August},
    day = 2,
    note = {Retrieved November 8, 2015 from \url{http://learnimprov.com/?p=328}}
}

@misc{improv.ca,
    author = {Canadian Improv Games},
    title = {Word At A Time: The Practice Game},
    howpublished = {Online},
    year = 2009,
    month = {December},
    day = 11,
    note = {Retrieved November 8, 2015 from \url{http://improv.ca/word-at-a-time-the-practice-game/}}
}

@misc{whoseline,
    author = {Mark Longmuir},
    title = {The Games},
    howpublished = {Online},
    note = {Retrieved November 8, 2015 from \url{http://www.whoseline.net/show/games.html}}
}

@misc{reddit,
    author = {Reddit},
    title = {owaat},
    howpublished = {Online},
    note = {Retrieved November 8, 2015 from \url{https://www.reddit.com/r/owaat}}
}

@misc{cscw-matrix,
    author = {Randall Whitaker},
    title = {Computer Supoorted Cooperative Work (CSCW) and Groupware -- OVerview, Definitions, and Distinctions},
    howpublished = {Online},
    year = 1989,
    note = {Retrieved November 8, 2015 from \url{http://www.enolagaia.com/UMUArchive/CSCW.html}}
}

@misc{learn-canvas,
    author = {Canvas Network},
    title = {Level 3.1.2: Objectives (Goals)},
    howpublished = {Online},
    note = {Retrieved November 8, 2015 from \url{https://learn.canvas.net/courses/3/pages/level-3-dot-1-2-objectives-goals}}
}

@misc{badge-ville,
    author = {Gamification Wiki},
    title = {Game Design},
    howpublished = {Wiki},
    note = {Retrieved November 8, 2015 from \url{https://badgeville.com/wiki/Game_Design}}
}

@misc{makeschool,
    author = {Make School},
    title = {5 Basic Elements of Game Design},
    howpublished = {Online},
    note = {Retrieved November 8, 2015 from \url{https://www.makeschool.com/gamernews/298/5-basic-elements-of-game-design}}
}

@misc{sociablesrules,
    author = {Salter Websites},
    title = {Classic Rules},
    howpublished = {Online},
    year = 2015,
    note = {Retrieved November 8, 2015 from \url{http://sociablesrules.com/classic/}}
}

@misc{word-spud,
    author = {Jackbox Games},
    title = {the Jackbox Party Pack},
    howpublished = {Online},
    note = {Retrieved November 8, 2015 from \url{http://jackboxgames.com/project/jbpp/}}
}

@misc{next-sentence,
    author = {Ripple Digital Publishing},
    title = {Next Sentence},
    howpublished = {Online},
    note = {Retrieved November 8, 2015 from \url{https://nextsentence.ca/}}
}

@misc{next-sentence-how,
    author = {Ripple Digital Publishing},
    title = {How to Play},
    howpublished = {Online},
    note = {Retrieved November 8, 2015 from \url{https://nextsentence.ca/how-to-play-2/\#.VkO9rvmrTWJ}}
}

@misc{words-with-friends,
    author = {Zynga},
    title = {World's Most Popular Mobile Word Game!},
    howpublished = {Online},
    note = {Retrieved November 10, 2015 from \url{https://www.zynga.com/games/words-friends}}
}

@misc{words-with-friends-rules,
    author = {Zynga},
    title = {The Official Rules},
    howpublished = {Online},
    note = {Retrieved November 10, 2015 from \url{http://www.zyngawithfriends.com/wordswithfriends/support/WWF_Rulebook.html}}
}

@misc{words-with-friends-opponent,
    author = {Zynga},
    title = {How to Check My Profile/Opponent's Profile},
    howpublished = {Online},
    year = 2015,
    month = {July},
    day = 13,
    note = {Retrieved November 11, 2015 from \url{https://www.zyngaplayersupport.com/article/new-words-with-friends/Hot-to-check-My-ProfileOpponents-profile-en_US-1414126410184}}
}

@misc{scrabble,
    author = {Hashbro.com},
    title = {About the Game -- Improve Your Knowledge},
    howpublished = {Online},
    note = {Retrieved November 10, 2015 from \url{http://scrabble.hasbro.com/en-us/rules}}
}

@misc{words-with-friends-win,
    author = {John Rabe},
    title = {Words With Friends and its Awful Tie Rule},
    howpublished = {Online},
    year = 2011,
    month = {May},
    day = 10,
    note = {Retrieved November 10, 2015 from \url{http://www.scpr.org/blogs/offramp/2011/05/10/2944/orb-words-friends-and-its-awful-tie-rule/}}
}

@misc{wwf-vs-scrabble,
    author = {James Sweet},
    title = {Difference between Words with Friends and Scrabble},
    howpublished = {Online},
    year = 2012,
    month = {March},
    day = 16,
    note = {Retrieved Novemeber 11, 2015 from \url{http://nojesusnopeas.blogspot.ca/2012/03/differences-between-words-with-friends.html}}
}

@misc{draw-something,
    author = {OMGPop},
    title = {Drawing with friends goes mobile},
    howpublished = {Online},
    note = {Retrieved November 11, 2015 from \url{http://omgpop.com/drawsomething}}
}

@misc{draw-something-background,
    author = {Elise Moreau},
    title = {Draw Something is the Pictionary App You Need on Your Phone},
    howpublished = {Online},
    note = {Retrieved November 11, 2015 from \url{http://webtrends.about.com/od/review1/fr/Draw-Something-App-Pictionary-For-Your-Mobile-Device.htm}}
}

@misc{whats-the-phrase,
    author = {Zynga},
    title = {SPIN the wheel, GUESS the phrase, and SOLVE the puzzle in the NEW word game that will get you and your friends asking 'What's the Phrase?'},
    howpublished = {Online},
    note = {Retrieved November 11, 2015 from \url{https://www.zynga.com/games/whats-phrase}}
}

@misc{nintendo-life,
    author = {Gamer Network},
    title = {Let's Write a Story One Word at a Time},
    howpublished = {Online},
    year = 2010,
    month = {July},
    day = 21,
    note = {Retrieved November 11, 2015 from \url{http://www.nintendolife.com/forums/general_discussion/lets_write_a_story_one_word_at_a_time}}
}

@misc{crunchy-roll,
    author = {Crunchy Roll},
    title = {Let's Make a Story! (One Word at a Time)},
    howpublished = {Online},
    year = 2015,
    month = {July},
    day = 26,
    note = {Retrieved November 11, 2015 from \url{http://www.crunchyroll.com/forumtopic-898085/lets-make-a-story-one-word-at-a-time?pg=1}}
}

@misc{battle.net,
    author = {Battle.net},
    title = {'One, Word, Story' - Forum Game!},
    howpublished = {Online},
    year = 2014,
    month = {September},
    day = 19,
    note = {Retrieved November 11, 2015 from \url{http://us.battle.net/hearthstone/en/forum/topic/13841254763}}
}

@misc{minecraft,
    author = {Curse Inc.},
    title = {One Word at a Time},
    howpublished = {Online},
    year = 2015,
    month = {August},
    day = 22,
    note = {Retrieved November 11, 2015 from \url{http://www.minecraftforum.net/forums/off-topic/forum-games/2509395-one-word-at-a-time}}
}

@misc{android,
    author = {Android Forums},
    title = {ONE-WORD NOVEL! Write a Story One Word At a Time!},
    howpublished = {Online},
    year = 2015,
    month = {May},
    day = 21,
    note = {Retrieved November 11, 2015 from \url{http://androidforums.com/threads/one-word-novel-write-a-story-one-word-at-a-time.896164/}}
}

@misc{drummer-world,
    author = {Jelsoft Enterprises Ltd.},
    title = {One WOrd at a Time Story},
    howpublished = {Online},
    year = 2015,
    month = {July},
    day = 23,
    note = {Retrieved November 11, 2015 from \url{http://www.drummerworld.com/forums/showthread.php?t=125889}}
}

@misc{paizo,
    author = {Paizo Inc.},
    title = {One Word Story Time},
    howpublished = {Online},
    year = 2012,
    month = {May},
    day = 27,
    note = {Retrieved November 11, 2015 from \url{http://paizo.com/threads/rzs2o6ic?One-word-story-time}}
}

@article{MoCA,
  title =        {From The Matrix to a Model of Coordinated Action (MoCA): A Conceptual Framework of and for CSCW},
  author =       {Charlotte P. Lee and Drew Paine},
  doi =          "10.1145/2675133.2675161",
  journal =      "ACM CSCW 2015",
  year =         2015
}

@article{distributed-cognition,
    title = {Distributed Cognition: Toward a New Foundation for Human-Computer Interaction Research},
    author = {James Hollan and Edwin Hutchins and David Kirsh},
    year = 2000,
    month = {June},
    journal = {ACM Transactions on Computer-Human Interaction},
    volume = 7,
    number = 2,
    pages = {174-196}
}
    
@article{drysdale2011collaborative,
  title={Collaborative games: An exploratory view for instructional designers},
  author={Drysdale, Jason},
  journal={The Journal of Applied Instructional Design},
  volume={1},
  number={2},
  pages={47--55},
  year={2011}
}

@article{distance,
    title = {How to make distance work work},
    author = {Judith Olson and Gary Olson},
    year = 2014,
    month = {April},
    journal = {ACM},
    volume = 21,
    number = 2,
    pages = {28-35}
}

@misc{coc-wikia,
    author = {Wikia},
    title = {Storytime, one word at a time},
    howpublished = {online},
    year = 2015,
    month = {April},
    day = 5,
    note = {Retrieved on November 8, 2015 from \url{http://clashofclans.wikia.com/wiki/Thread:264026}}
}

@misc{cscw-matrix-figure,
   author = {Wikimedia Commons},
   title = {Cscwmatrix.jpg},
   howpublished = {online},
   year = 2007,
   month = 7,
   day = 30,
   note = {Retrieved on December 4, 2015 from \url{https://commons.wikimedia.org/wiki/File:Cscwmatrix.jpg}}
 }






































